@book{allaire:2019,
	author = {Allaire, Grégoire and Blanc, Xavier and Després, Bruno and Golse, François},
	month = {3},
	title = {{Transport et diffusion}},
	year = {2019},
}