 
@book{noauthor_transport_2018,
    author = {Després, Bruno and Golse, François and Allaire, Grégoire},
	location = {Palaiseau},
	title = {Transport et diffusion},
	isbn = {978-2-7302-1675-3},
	publisher = {École polytechnique},
	date = {2018},
	note = {{OCLC}: 1107840142},
}

@phdthesis{poette:tel-02288678,
  TITLE = {{CONTRIBUTION TO THE MATHEMATICAL AND NUMERICAL ANALYSIS OF UNCERTAIN SYSTEMS OF CONSERVATION LAWS AND OF THE LINEAR AND NONLINEAR BOLTZMANN EQUATION}},
  AUTHOR = {Po{\"e}tte, Ga{\"e}l},
  URL = {https://hal.science/tel-02288678},
  SCHOOL = {{Universit{\'e} de Bordeaux 1}},
  YEAR = {2019},
  MONTH = Sep,
  KEYWORDS = {Uncertainty analysis ; numerical analysis ; Monte-Carlo ; generalized Polynomial Chaos ; Asymptotic Preserving schemes ; Moment models ; analyse d'incertitudes ; analyse num{\'e}rique ; sch{\'e}ma Monte-Carlo ; Chaos Polynomial g{\'e}n{\'e}ralis{\'e} ; Sch{\'e}ma pr{\'e}servant l'asymptotique ; mod{\`e}les aux moments},
  TYPE = {Habilitation {\`a} diriger des recherches},
  PDF = {https://hal.science/tel-02288678/file/memoire.pdf},
  HAL_ID = {tel-02288678},
  HAL_VERSION = {v1},
}


@book{lapeyre_methodes_1998,
	location = {Berlin},
	title = {Méthodes de Monte-Carlo pour les équations de transport et de diffusion},
	isbn = {978-3-540-63393-8},
	series = {Mathématiques et applications},
	number = {29},
	publisher = {Springer},
	author = {Lapeyre, Bernard and Pardoux, Étienne and Sentis, Rémi},
	date = {1998},
}
